%% This BibTeX bibliography file was created using BibDesk.
%% http://bibdesk.sourceforge.net/


%% Created for 白怜士 at 2016-01-31 22:53:34 +0900 


%% Saved with string encoding Unicode (UTF-8) 



@article{haazen2013domain,
	Author = {Haazen, PPJ and Mur{\`e}, E and Franken, JH and Lavrijsen, Reinoud and Swagten, HJM and Koopmans, Bert},
	Date-Added = {2016-01-31 13:52:32 +0000},
	Date-Modified = {2016-01-31 13:52:32 +0000},
	Journal = {Nature materials},
	Number = {4},
	Pages = {299--303},
	Publisher = {Nature Publishing Group},
	Title = {Domain wall depinning governed by the spin Hall effect},
	Volume = {12},
	Year = {2013}}

@article{nguyen2015spin,
	Author = {Nguyen, Minh-Hai and Ralph, DC and Buhrman, RA},
	Date-Added = {2016-01-31 13:51:11 +0000},
	Date-Modified = {2016-01-31 13:51:11 +0000},
	Journal = {arXiv preprint arXiv:1512.06931},
	Title = {Spin torque study of the spin Hall conductivity and spin diffusion length in platinum thin films with varying resistivity},
	Year = {2015}}

@article{kim2013layer,
	Author = {Kim, Junyeon and Sinha, Jaivardhan and Hayashi, Masamitsu and Yamanouchi, Michihiko and Fukami, Shunsuke and Suzuki, Tetsuhiro and Mitani, Seiji and Ohno, Hideo},
	Date-Added = {2016-01-31 13:38:16 +0000},
	Date-Modified = {2016-01-31 13:38:16 +0000},
	Journal = {Nature materials},
	Number = {3},
	Pages = {240--245},
	Publisher = {Nature Publishing Group},
	Title = {Layer thickness dependence of the current-induced effective field vector in Ta| CoFeB| MgO},
	Volume = {12},
	Year = {2013}}

@article{porter1987spontaneously,
	Author = {Porter, Marc D and Bright, Thomas B and Allara, David L and Chidsey, Christopher ED},
	Date-Added = {2016-01-31 13:31:25 +0000},
	Date-Modified = {2016-01-31 13:31:25 +0000},
	Journal = {Journal of the American Chemical Society},
	Number = {12},
	Pages = {3559--3568},
	Publisher = {ACS Publications},
	Title = {Spontaneously organized molecular assemblies. 4. Structural characterization of n-alkyl thiol monolayers on gold by optical ellipsometry, infrared spectroscopy, and electrochemistry},
	Volume = {109},
	Year = {1987}}

@article{bain1989formation,
	Author = {Bain, Colin D and Whitesides, George M},
	Date-Added = {2016-01-31 13:30:22 +0000},
	Date-Modified = {2016-01-31 13:30:22 +0000},
	Journal = {Journal of the American Chemical Society},
	Number = {18},
	Pages = {7164--7175},
	Publisher = {ACS Publications},
	Title = {Formation of monolayers by the coadsorption of thiols on gold: variation in the length of the alkyl chain},
	Volume = {111},
	Year = {1989}}

@article{dubois1992synthesis,
	Author = {Dubois, Lawrence H and Nuzzo, Ralph G},
	Date-Added = {2016-01-31 13:29:44 +0000},
	Date-Modified = {2016-01-31 13:29:44 +0000},
	Journal = {Annual review of physical chemistry},
	Number = {1},
	Pages = {437--463},
	Publisher = {Annual Reviews 4139 El Camino Way, PO Box 10139, Palo Alto, CA 94303-0139, USA},
	Title = {Synthesis, structure, and properties of model organic surfaces},
	Volume = {43},
	Year = {1992}}

@article{strong1988structures,
	Author = {Strong, Lou and Whitesides, George M},
	Date-Added = {2016-01-31 13:29:14 +0000},
	Date-Modified = {2016-01-31 13:29:14 +0000},
	Journal = {Langmuir},
	Number = {3},
	Pages = {546--558},
	Publisher = {ACS Publications},
	Title = {Structures of self-assembled monolayer films of organosulfur compounds adsorbed on gold single crystals: electron diffraction studies},
	Volume = {4},
	Year = {1988}}

@article{yang2015layer,
	Author = {Yang, Tim and Kong, Minsik and Kohda, Makoto and Seki, Takeshi and Takanashi, Koki and Nitta, Junsaku},
	Date-Added = {2016-01-31 13:23:50 +0000},
	Date-Modified = {2016-01-31 13:23:50 +0000},
	Journal = {Japanese Journal of Applied Physics},
	Number = {4S},
	Pages = {04DM05},
	Publisher = {IOP Publishing},
	Title = {Layer thickness dependence of spin orbit torques and fields in Pt/Co/AlO trilayer structures},
	Volume = {54},
	Year = {2015}}

@article{slonczewski1996current,
	Author = {Slonczewski, John C},
	Date-Added = {2016-01-31 13:19:45 +0000},
	Date-Modified = {2016-01-31 13:19:45 +0000},
	Journal = {Journal of Magnetism and Magnetic Materials},
	Number = {1},
	Pages = {L1--L7},
	Publisher = {Elsevier},
	Title = {Current-driven excitation of magnetic multilayers},
	Volume = {159},
	Year = {1996}}

@article{bychkov1984oscillatory,
	Author = {Bychkov, Yu A and Rashba, Emmanuel I},
	Date-Added = {2016-01-31 13:18:17 +0000},
	Date-Modified = {2016-01-31 13:18:17 +0000},
	Journal = {Journal of physics C: Solid state physics},
	Number = {33},
	Pages = {6039},
	Publisher = {IOP Publishing},
	Title = {Oscillatory effects and the magnetic susceptibility of carriers in inversion layers},
	Volume = {17},
	Year = {1984}}

@article{wunderlich2005experimental,
	Author = {Wunderlich, Joerg and Kaestner, Bernd and Sinova, Jairo and Jungwirth, Tomas},
	Date-Added = {2016-01-31 13:12:15 +0000},
	Date-Modified = {2016-01-31 13:12:15 +0000},
	Journal = {Physical review letters},
	Number = {4},
	Pages = {047204},
	Publisher = {APS},
	Title = {Experimental observation of the spin-Hall effect in a two-dimensional spin-orbit coupled semiconductor system},
	Volume = {94},
	Year = {2005}}

@article{kato2004observation,
	Author = {Kato, YK and Myers, RC and Gossard, AC and Awschalom, DD},
	Date-Added = {2016-01-31 13:11:14 +0000},
	Date-Modified = {2016-01-31 13:11:14 +0000},
	Journal = {science},
	Number = {5703},
	Pages = {1910--1913},
	Publisher = {American Association for the Advancement of Science},
	Title = {Observation of the spin Hall effect in semiconductors},
	Volume = {306},
	Year = {2004}}

@article{tserkovnyak2002enhanced,
	Author = {Tserkovnyak, Yaroslav and Brataas, Arne and Bauer, Gerrit EW},
	Date-Added = {2016-01-31 13:07:22 +0000},
	Date-Modified = {2016-01-31 13:07:22 +0000},
	Journal = {Physical Review Letters},
	Number = {11},
	Pages = {117601},
	Publisher = {APS},
	Title = {Enhanced Gilbert damping in thin ferromagnetic films},
	Volume = {88},
	Year = {2002}}

@article{mizukami2002effect,
	Author = {Mizukami, S and Ando, Y and Miyazaki, T},
	Date-Added = {2016-01-31 13:06:47 +0000},
	Date-Modified = {2016-01-31 13:06:47 +0000},
	Journal = {Physical Review B},
	Number = {10},
	Pages = {104413},
	Publisher = {APS},
	Title = {Effect of spin diffusion on Gilbert damping for a very thin permalloy layer in Cu/permalloy/Cu/Pt films},
	Volume = {66},
	Year = {2002}}

@article{kiselev2003microwave,
	Author = {Kiselev, S Il and Sankey, JC and Krivorotov, IN and Emley, NC and Schoelkopf, RJ and Buhrman, RA and Ralph, DC},
	Date-Added = {2016-01-31 13:03:19 +0000},
	Date-Modified = {2016-01-31 13:03:19 +0000},
	Journal = {Nature},
	Number = {6956},
	Pages = {380--383},
	Publisher = {Nature Publishing Group},
	Title = {Microwave oscillations of a nanomagnet driven by a spin-polarized current},
	Volume = {425},
	Year = {2003}}

@article{xu2014regulating,
	Author = {Xu, Yong and Baeg, Kang-Jun and Park, Won-Tae and Cho, Ara and Choi, Eun-Young and Noh, Yong-Young},
	Date-Added = {2016-01-31 12:56:26 +0000},
	Date-Modified = {2016-01-31 12:56:26 +0000},
	Journal = {ACS applied materials \& interfaces},
	Number = {16},
	Pages = {14493--14499},
	Publisher = {ACS Publications},
	Title = {Regulating Charge Injection in Ambipolar Organic Field-Effect Transistors by Mixed Self-Assembled Monolayers},
	Volume = {6},
	Year = {2014}}

@article{de2005tuning,
	Author = {de Boer, Bert and Hadipour, Afshin and Mandoc, M Magdalena and van Woudenbergh, Teunis and Blom, Paul WM},
	Date-Added = {2016-01-31 12:55:45 +0000},
	Date-Modified = {2016-01-31 12:55:45 +0000},
	Journal = {Advanced Materials},
	Number = {5},
	Pages = {621--625},
	Publisher = {Wiley Online Library},
	Title = {Tuning of Metal Work Functions with Self-Assembled Monolayers},
	Volume = {17},
	Year = {2005}}

@article{love2005self,
	Author = {Love, J Christopher and Estroff, Lara A and Kriebel, Jennah K and Nuzzo, Ralph G and Whitesides, George M},
	Date-Added = {2016-01-31 12:54:58 +0000},
	Date-Modified = {2016-01-31 12:54:58 +0000},
	Journal = {Chemical reviews},
	Number = {4},
	Pages = {1103--1170},
	Publisher = {ACS Publications},
	Title = {Self-assembled monolayers of thiolates on metals as a form of nanotechnology},
	Volume = {105},
	Year = {2005}}

@article{yang2014platinum,
	Author = {Yang, Tim and Kohda, Makoto and Seki, Takeshi and Takanashi, Koki and Nitta, Junsaku},
	Date-Added = {2016-01-31 12:52:49 +0000},
	Date-Modified = {2016-01-31 12:52:49 +0000},
	Journal = {Japanese Journal of Applied Physics},
	Number = {4S},
	Pages = {04EM06},
	Publisher = {IOP Publishing},
	Title = {Platinum layer thickness dependence of spin-Hall induced effective magnetic field in Pt/Co/Pt structures},
	Volume = {53},
	Year = {2014}}

@article{hayashi2014quantitative,
	Author = {Hayashi, Masamitsu and Kim, Junyeon and Yamanouchi, Michihiko and Ohno, Hideo},
	Date-Added = {2016-01-31 12:52:17 +0000},
	Date-Modified = {2016-01-31 12:52:17 +0000},
	Journal = {Physical Review B},
	Number = {14},
	Pages = {144425},
	Publisher = {APS},
	Title = {Quantitative characterization of the spin-orbit torque using harmonic Hall voltage measurements},
	Volume = {89},
	Year = {2014}}

@article{binasch1989enhanced,
	Author = {Binasch, Gr{\"u}nberg and Gr{\"u}nberg, Peter and Saurenbach, F and Zinn, W},
	Date-Added = {2016-01-31 12:49:36 +0000},
	Date-Modified = {2016-01-31 12:49:36 +0000},
	Journal = {Physical review B},
	Number = {7},
	Pages = {4828},
	Publisher = {APS},
	Title = {Enhanced magnetoresistance in layered magnetic structures with antiferromagnetic interlayer exchange},
	Volume = {39},
	Year = {1989}}

@article{baibich1988giant,
	Author = {Baibich, Mario Norberto and Broto, Jean Marc and Fert, Albert and Van Dau, F Nguyen and Petroff, Fr{\'e}d{\'e}ric and Etienne, P and Creuzet, G and Friederich, A and Chazelas, J},
	Date-Added = {2016-01-31 12:48:56 +0000},
	Date-Modified = {2016-01-31 12:48:56 +0000},
	Journal = {Physical review letters},
	Number = {21},
	Pages = {2472},
	Publisher = {APS},
	Title = {Giant magnetoresistance of (001) Fe/(001) Cr magnetic superlattices},
	Volume = {61},
	Year = {1988}}

@article{wolf2001spintronics,
	Author = {Wolf, SA and Awschalom, DD and Buhrman, RA and Daughton, JM and Von Molnar, S and Roukes, ML and Chtchelkanova, A Yu and Treger, DM},
	Date-Added = {2016-01-31 12:44:39 +0000},
	Date-Modified = {2016-01-31 12:44:39 +0000},
	Journal = {Science},
	Number = {5546},
	Pages = {1488--1495},
	Publisher = {American Association for the Advancement of Science},
	Title = {Spintronics: a spin-based electronics vision for the future},
	Volume = {294},
	Year = {2001}}

@article{vzutic2004spintronics,
	Author = {{\v{Z}}uti{\'c}, Igor and Fabian, Jaroslav and Sarma, S Das},
	Date-Added = {2016-01-31 12:43:29 +0000},
	Date-Modified = {2016-01-31 12:43:29 +0000},
	Journal = {Reviews of modern physics},
	Number = {2},
	Pages = {323},
	Publisher = {APS},
	Title = {Spintronics: Fundamentals and applications},
	Volume = {76},
	Year = {2004}}

@article{prinz1998magnetoelectronics,
	Author = {Prinz, Gary A},
	Date-Added = {2016-01-31 12:42:29 +0000},
	Date-Modified = {2016-01-31 12:42:29 +0000},
	Journal = {Science},
	Number = {5394},
	Pages = {1660--1663},
	Publisher = {American Association for the Advancement of Science},
	Title = {Magnetoelectronics},
	Volume = {282},
	Year = {1998}}

@book{maekawa2002spin,
	Author = {Maekawa, Sadamichi and Shinjo, Teruya},
	Date-Added = {2016-01-31 12:25:26 +0000},
	Date-Modified = {2016-01-31 12:25:26 +0000},
	Publisher = {CRC Press},
	Title = {Spin dependent transport in magnetic nanostructures},
	Year = {2002}}
